<?xml version="1.0" encoding="UTF-8"?><collection xmlns="http://www.loc.gov/MARC21/slim"><record><leader>00554nam--2200205-i-4500</leader><controlfield tag="001">000011710</controlfield><controlfield tag="002">20161230</controlfield><controlfield tag="005">20161230201029</controlfield><controlfield tag="008">060222s1000------------r-----000-0-eng-d</controlfield><datafield ind1=" " ind2=" " tag="020"><subfield code="a">0471074217</subfield></datafield><datafield ind1=" " ind2=" " tag="040"><subfield code="a">IFIN-HH</subfield></datafield><datafield ind1=" " ind2=" " tag="080"><subfield code="a">539.19:547.5</subfield></datafield><datafield ind1="1" ind2=" " tag="100"><subfield code="a">Birks, John B</subfield></datafield><datafield ind1="1" ind2="0" tag="245"><subfield code="a">Organic molecular photophysics</subfield><subfield code="c">John b. birks (ed.)</subfield></datafield><datafield ind1=" " ind2=" " tag="260"><subfield code="a">London</subfield><subfield code="b">John Wiley And Sons</subfield><subfield code="c">1973</subfield></datafield><datafield ind1=" " ind2=" " tag="300"><subfield code="a">2 VOLUME</subfield></datafield><datafield ind1=" " ind2=" " tag="490"><subfield code="a">Wiley Monographs In Chemical Physics</subfield></datafield><datafield ind1="1" ind2=" " tag="787"><subfield code="a">Vol. Ii</subfield><subfield code="h">653 P</subfield></datafield><datafield ind1=" " ind2=" " tag="852"><subfield code="a">41975</subfield><subfield code="c">539.19</subfield></datafield><datafield ind1=" " ind2=" " tag="CAT"><subfield code="a">Sys</subfield><subfield code="c">20120713</subfield><subfield code="h">140612</subfield></datafield></record></collection>